@article{Corcom,
  author    = {Corcom},
  title     = {},
  journal   = {"Telefonia mobile, cosa sono le eSim? E perché sono più sicure?"},
  year      = {2023},
  volume    = {},
  number    = {},
  pages     = {},
  note      = {\url{https://corrierecomunicazioni.it/telco/telefonia-mobile-cosa-sono-le-esim-e-perche-sono-piu-sicure/}}
}

@article{GSMA-whitepaper,
  author    = {GSM Association},
  title     = {},
  journal   = {"The what and how of Remote SIM Provisioning"},
  year      = {2018},
  volume    = {},
  number    = {},
  pages     = {},
  note      = {\url{https://gsma.com/esim/wp-content/uploads/2018/12/esim-whitepaper.pdf}}
}

@article{GSMA-docs,
  author    = {GSM Association},
  title     = {},
  journal   = {"RSP Technical Specification Version 2.0"},
  year      = {2016},
  volume    = {},
  number    = {},
  pages     = {},
  note      = {\url{https://gsma.com/newsroom/wp-content/uploads/SGP.22_v2.0.pdf}}
}

@article{Android-docs,
  author    = {Team di Android},
  title     = {},
  journal   = {"Implementing eSIM"},
  year      = {2023},
  volume    = {},
  number    = {},
  pages     = {},
  note      = {\url{https://source.android.com/docs/core/connect/esim-overview}}
}
